
@misc{pi_pwm,
	title = {Pi {Zero} {W} {Rover} {Setup} {\textbar} {Disconnected} {Systems}},
	howpublished = "\url{https://disconnected.systems/blog/pi-zero-w-rover-setup/#moving-the-robot}",
	urldate = {2020-04-12},
	file = {Pi Zero W Rover Setup | Disconnected Systems:/home/quentin/Zotero/storage/FQSDVSMA/pi-zero-w-rover-setup.html:text/html}
}

@misc{zerr,
	title = {{Beno√Æt Zerr} {\textbar} {TP} {VREP}},
	howpublished = "\url{https://www.ensta-bretagne.fr/zerr/dokuwiki/doku.php?id=vrep:create-rc-car-robot}",
	urldate = {2020-04-12}
}
